@article{crocker1996methods,
  title={Methods of digital video microscopy for colloidal studies},
  author={Crocker, John C and Grier, David G},
  journal={Journal of colloid and interface science},
  volume={179},
  number={1},
  pages={298--310},
  year={1996},
  publisher={Elsevier}
}

@article{lee1994building,
  title={Building skeleton models via 3-D medial surface axis thinning algorithms},
  author={Lee, Ta-Chih and Kashyap, Rangasami L and Chu, Chong-Nam},
  journal={CVGIP: Graphical Models and Image Processing},
  volume={56},
  number={6},
  pages={462--478},
  year={1994},
  publisher={Elsevier}
}

@misc{brent1973algorithms,
  title={Algorithms for Minimization without Derivatives, chap. 4},
  author={Brent, Richard P},
  year={1973},
  publisher={Prentice-Hall, Englewood Cliffs, NJ}
}

@article{virtanen2020scipy,
  title={SciPy 1.0: fundamental algorithms for scientific computing in Python},
  author={Virtanen, Pauli and Gommers, Ralf and Oliphant, Travis E and Haberland, Matt and Reddy, Tyler and Cournapeau, David and Burovski, Evgeni and Peterson, Pearu and Weckesser, Warren and Bright, Jonathan and others},
  journal={Nature methods},
  volume={17},
  number={3},
  pages={261--272},
  year={2020},
  publisher={Nature Publishing Group}
}

@article{lee2017rapid,
  title={A rapid capillary-pressure driven micro-channel to demonstrate newtonian fluid behavior of zebrafish blood at high shear rates},
  author={Lee, Juhyun and Chou, Tzu-Chieh and Kang, Dongyang and Kang, Hanul and Chen, Junjie and Baek, Kyung In and Wang, Wei and Ding, Yichen and Di Carlo, Dino and Tai, Yu-Chong and others},
  journal={Scientific reports},
  volume={7},
  number={1},
  pages={1--8},
  year={2017},
  publisher={Nature Publishing Group}
}

@article{pries1992blood,
  title={Blood viscosity in tube flow: dependence on diameter and hematocrit},
  author={Pries, Axel R and Neuhaus, D and Gaehtgens, P},
  journal={American Journal of Physiology-Heart and Circulatory Physiology},
  volume={263},
  number={6},
  pages={H1770--H1778},
  year={1992}
}
